@book{article1,
  title={The secret power of music},
  author={Tame, David},
  volume={190},
  year={1984},
  publisher={Destiny Books Rochester, VT}
}

@inproceedings{article2,
  title={Comparative study between Chinese and western music aesthetics and culture},
  author={Jie, CHEN},
  booktitle={2015 International Conference on Social Science and Technology Education},
  year={2015},
  organization={Atlantis Press}
}

@article{article3,
  title= {Finding and evaluating community structure in networks},
  author= {Newman M E J, Girvan M},
  journal= {Physical Review E},
  pages= {69 (2): 026113},
  year= {2004}
}

@article{article4,
  title= {Normalized cuts and image segmentation},
  author= { Shi Jianbo, Malik J},
  journal= {Departmental Papers (CIS)},
  pages= {107},
  year= {2000}
}

@article{article5,
  title={Measuring tie-strength in virtual social networks},
  author={Petr{\'o}czi, Andrea and Nepusz, Tam{\'a}s and Bazs{\'o}, F{\"u}l{\"o}p},
  journal={Connections},
  volume={27},
  number={2},
  pages={39--52},
  year={2007}
}

@article{article6,
  title={An estimation model for social relationship strength based on users' profiles, co-occurrence and interaction activities},
  author={Xiong, Liyan and Lei, Yin and Huang, Weichun and Huang, Xiaohui and Zhong, Maosheng},
  journal={Neurocomputing},
  volume={214},
  pages={927--934},
  year={2016},
  publisher={Elsevier}
}

@article{article7,
  title={A novel relationship strength model for online social networks},
  author={Ju, Chunhua and Tao, Wanqiong},
  journal={Multimedia Tools and Applications},
  volume={76},
  number={16},
  pages={17577--17594},
  year={2017},
  publisher={Springer}
}

@article{article8,
  title={Data cleaning: Problems and current approaches},
  author={Rahm, Erhard and Do, Hong Hai},
  journal={IEEE Data Eng. Bull.},
  volume={23},
  number={4},
  pages={3--13},
  year={2000}
}

@article{article9,
  title={An overview of principal component analysis},
  author={Karamizadeh, Sasan and Abdullah, Shahidan M and Manaf, Azizah A and Zamani, Mazdak and Hooman, Alireza},
  journal={Journal of Signal and Information Processing},
  volume={4},
  number={3B},
  pages={173},
  year={2013},
  publisher={Citeseer}
}

@book{article10,
  title={Rock and roll: a social history},
  author={Friedlander, Paul},
  year={2018},
  publisher={Routledge}
}

@article{article11,
  title={The flowering of the hippie movement},
  author={Howard, John Robert},
  journal={The Annals of the American Academy of Political and Social Science},
  volume={382},
  number={1},
  pages={43--55},
  year={1969},
  publisher={Sage Publications Sage CA: Thousand Oaks, CA}
}


@article{article13,
  title={Music, culture, and creativity},
  author={Toynbee, Jason},
  journal={The cultural study of music},
  pages={102--12},
  year={2003},
  publisher={Routledge New York}
}

@online{article14,
    title     = "Discuss the influence of music culture",
    url       = "https://wenku.baidu.com/view/856cdfd889eb172ded63b760.html"
}

@online{article15,
    title     = "Music as Influence: How has society been shaped by musical genres throughout history?",
    url       = "https://digitalcommons.uri.edu/srhonorsprog/632/"
}

